@online{micromouse,
	author = {Michael Gims,Sonja Lenz,Dirk Becker},
	title = {Microprocessor Controlled Vehicle},
	month = {May},
	year = {1999},
	url = {http://www.dbecker.de/sites/default/files/micromouse.pdf},
}
@article{second,
	title={A taxonomy for swarm robots,in: Intelligent Robots and Systems},
	author={G. Dudek, M. Jenkin, E. Milios, D. Wilkes},
	journal={IEEE/RSJ International Conference},
	volume={1},
	pages={441--447},
	year={1993},
	publisher={IEEE}
}
@manual{third,
	author = {G. Dudek, M. R. Jenkin, E. Milios, D. Wilkes,},
	title = {A taxonomy for multi-agentrobotics},
	pages={375--397},
	year = {1996},
	}

@manual{fourth,
	author = {Y. U. Cao, A. S. Fukunaga, A. Kahng},
	title = { Cooperative mobile robotics: An-tecedents and directions},
	pages={7--27},
	year = {1997},
	}
	
	 
@incollection{sixth,
	author = { L. Iocchi, D. Nardi, M. Salerno},
	title = { Reactivity and deliberation: a survey onmulti-robot systems},
	pages={9--32},
	year = {2001},
	booktitle={Balancing reactivity and social deliberation inmulti-agent systems, Springer}
	}
	

@article{seventh,
	title={A review of studies in swarm robotics},
	author={L. Bayındır, E. S¸ahin},
	journal={TurkishJournal of Electrical Engineering },
	pages={115-147},
	year={2007}
}

@techreport{odin,
	title={Odin and Hodur:
Using Bluetooth Communication for Coordinated Robotic Search},
	author={D.H. Barnhard, J.T. McClain, B.J. Wimpey, and W.D. Potter},
	
	institution={The University of Georgia}
	}

@incollection{eighth,
	author = {V. Gazi, B. Fidan},
	title = {Coordination and control of multi-agent dynamic sys-tems: Models and approaches},
	pages={71--102},
	year = {2007},
	booktitle={Swarm Robotics, Springer}
	}
	
	
@article{eleven,
	title={An extensive review of research in swarmrobotics in Nature and  Biologically Inspired Computing},
	author={Y. Mohan, S. Ponnambalam},
	journal={World Congress on, IEEE},
	volume={1},
	pages={140--145},
	year={2009},
	publisher={IEEE}
}	
	
	
@manual{twelve,
	author = {M. Brambilla, E. Ferrante, M. Birattari, M. Dorigo},
	title = {Swarm robotics: areview from the swarm engineering perspective},
	pages={1--41},
	year = {2013},
	booktitle={Swarm Intelligence},
	}
	
	
	@manual{thirteen,
	author = {C. Barca, Y. A. Sekercioglu},
	title = {warm robotics reviewed},
	pages={345--359},
	year = {2013},
	
	}
	
	@online{swarmrobot,
	author = {Marco Dorigo, Mauro Birattari, Manuele Brambilla},
	title = {Swarm robotics},
	year = {2014},
	url = {http://www.scholarpedia.org/article/Swarm_robotics},
	
}

@online{swarmintel,
	author = {Marco Dorigo, Mauro Birattari, Manuele Brambilla},
	title = {Swarm Intelligence},
	year = {2007},
	url = {http://www.scholarpedia.org/article/Swarm_intelligence},
	}
	
	
@online{bluetooth,
	title = {Bluetooth},
	date = {15 August 2016},
	url = {https://en.wikipedia.org/wiki/Bluetooth},
	}
	
	@online{bluetooth2,
	title = {Bluetooth Technology},
	date = {10 June 2000},
	url = {http://progtutorials.tripod.com/Bluetooth_Technology.htm#_Toc41989845},
	}
	
	
	@online{bluetooth2,
	title = {Bluetooth Technology},
	date = {10 June 2000},
	url = {http://progtutorials.tripod.com/Bluetooth_Technology.htm#_Toc41989845},
	}
	
	
	@online{microcontroller,
	title = {Basics of Microcontrollers},
	date = { January 17, 2011},
	url = {http://www.circuitstoday.com/basics-of-microcontrollers},
	}
	@online{arduino,
	title = {Arduino - ArduinoBoardUno },
	year  = { 2011},
	url = {https://www.arduino.cc/en/Main/ArduinoBoardUno},
	}
	
	@online{fc51,
	title = {Infrared Obstacle Avoidance Proximity Sensors Module FC-51 – Art of Circuits},
	website = {Artofcircuits.com}
	year  = { 2016},
	url = {http://artofcircuits.com/product/infrared-obstacle-avoidance-proximity-sensors-module-fc-51},
	}
	
	
	@manual{mq2datasheet,
	author = {HANWEI ELETRONICS CO.,LTD },
	title = {Technical Data},
	pages={1--2},
	subtitle = {FEATURES},
}


@incollection{beni,
	author = {Gerardo Beni},
	title = {From swarm intelligence to swarm robotics},
	pages={1--9},
	year = {2005},
	booktitle={Swarm Robotics Workshop: State-of-the-Art
Survey}
	}
	